% This file was created with JabRef 2.9.2.
% Encoding: ISO8859_1

@ARTICLE{Apostolatos+94,
  author = {Apostolatos, Theocharis A. and Cutler, Curt and Sussman, Gerald J.
	and Thorne, Kip S.},
  title = {{Spin induced orbital precession and its modulation of the gravitational
	wave forms from merging binaries}},
  journal = {Phys. Rev. D},
  year = {1994},
  volume = {49},
  pages = {6274-6297},
  doi = {10.1103/PhysRevD.49.6274},
  owner = {marsat},
  reportnumber = {GRP-382},
  slaccitation = {%%CITATION = PHRVA,D49,6274;%%},
  timestamp = {2016.11.01}
}

@ARTICLE{BlanchetLiving,
  author = {Blanchet, Luc},
  title = {{Gravitational Radiation from Post-Newtonian Sources and Inspiralling
	Compact Binaries}},
  journal = {Living Rev. Rel.},
  year = {2014},
  volume = {17},
  pages = {2},
  archiveprefix = {arXiv},
  doi = {10.12942/lrr-2014-2},
  eprint = {1310.1528},
  owner = {marsat},
  primaryclass = {gr-qc},
  slaccitation = {%%CITATION = ARXIV:1310.1528;%%},
  timestamp = {2016.10.25}
}

@ARTICLE{CR02,
  author = {Cornish, Neil J. and Rubbo, Louis J.},
  title = {{The LISA response function}},
  journal = {Phys. Rev. D},
  year = {2003},
  volume = {67},
  pages = {022001},
  note = {[Erratum: Phys. Rev.D67,029905(2003)]},
  archiveprefix = {arXiv},
  doi = {10.1103/PhysRevD.67.022001, 10.1103/PhysRevD.67.029905},
  eprint = {gr-qc/0209011},
  owner = {marsat},
  primaryclass = {gr-qc},
  slaccitation = {%%CITATION = GR-QC/0209011;%%},
  timestamp = {2016.11.01}
}

@ARTICLE{Droz+99,
  author = {Droz, Serge and Knapp, Daniel J. and Poisson, Eric and Owen, Benjamin
	J.},
  title = {{Gravitational waves from inspiraling compact binaries: Validity
	of the stationary phase approximation to the Fourier transform}},
  journal = {Phys. Rev. D},
  year = {1999},
  volume = {59},
  pages = {124016},
  archiveprefix = {arXiv},
  doi = {10.1103/PhysRevD.59.124016},
  eprint = {gr-qc/9901076},
  owner = {marsat},
  primaryclass = {gr-qc},
  slaccitation = {%%CITATION = GR-QC/9901076;%%},
  timestamp = {2016.10.25}
}

@ARTICLE{EW75,
  author = {{Estabrook}, F.~B. and {Wahlquist}, H.~D.},
  title = {{Response of Doppler spacecraft tracking to gravitational radiation}},
  journal = {General Relativity and Gravitation},
  year = {1975},
  volume = {6},
  pages = {439-447},
  month = oct,
  adsnote = {Provided by the SAO/NASA Astrophysics Data System},
  adsurl = {http://adsabs.harvard.edu/abs/1975GReGr...6..439E},
  doi = {10.1007/BF00762449},
  keywords = {Doppler Effect, Electromagnetic Wave Transmission, Gravitational Waves,
	Relativistic Effects, Spacecraft Tracking, Frequency Shift, Plane
	Waves, Signal Reflection, Spectral Signatures}
}

@ARTICLE{Goldberg+67,
  author = {{Goldberg}, J.~N. and {Macfarlane}, A.~J. and {Newman}, E.~T. and
	{Rohrlich}, F. and {Sudarshan}, E.~C.~G.},
  title = {{Spin-s Spherical Harmonics and {\eth}}},
  journal = {Journal of Mathematical Physics},
  year = {1967},
  volume = {8},
  pages = {2155-2161},
  month = nov,
  adsnote = {Provided by the SAO/NASA Astrophysics Data System},
  adsurl = {http://adsabs.harvard.edu/abs/1967JMP.....8.2155G},
  doi = {10.1063/1.1705135}
}

@ARTICLE{Hannam+13,
  author = {Hannam, Mark and Schmidt, Patricia and Boh\'e, Alejandro and Haegel,
	Leila and Husa, Sascha and Ohme, Frank and Pratten, Geraint and P\"urrer,
	Michael},
  title = {{Simple Model of Complete Precessing Black-Hole-Binary Gravitational
	Waveforms}},
  journal = {Phys. Rev. Lett.},
  year = {2014},
  volume = {113},
  pages = {151101},
  number = {15},
  __markedentry = {[marsat:]},
  archiveprefix = {arXiv},
  doi = {10.1103/PhysRevLett.113.151101},
  eprint = {1308.3271},
  owner = {marsat},
  primaryclass = {gr-qc},
  slaccitation = {%%CITATION = ARXIV:1308.3271;%%},
  timestamp = {2016.11.16}
}

@ARTICLE{Husa+15,
  author = {Husa, Sascha and Khan, Sebastian and Hannam, Mark and P\"urrer, Michael
	and Ohme, Frank and Jim\'enez Forteza, Xisco and Boh\'e, Alejandro},
  title = {{Frequency-domain gravitational waves from nonprecessing black-hole
	binaries. I. New numerical waveforms and anatomy of the signal}},
  journal = {Phys. Rev.},
  year = {2016},
  volume = {D93},
  pages = {044006},
  number = {4},
  __markedentry = {[marsat:6]},
  archiveprefix = {arXiv},
  doi = {10.1103/PhysRevD.93.044006},
  eprint = {1508.07250},
  owner = {marsat},
  primaryclass = {gr-qc},
  slaccitation = {%%CITATION = ARXIV:1508.07250;%%},
  timestamp = {2016.11.22}
}

@ARTICLE{Khan+15,
  author = {Khan, Sebastian and Husa, Sascha and Hannam, Mark and Ohme, Frank
	and P\"urrer, Michael and Jim\'enez Forteza, Xisco and Boh\'e, Alejandro},
  title = {{Frequency-domain gravitational waves from nonprecessing black-hole
	binaries. II. A phenomenological model for the advanced detector
	era}},
  journal = {Phys. Rev.},
  year = {2016},
  volume = {D93},
  pages = {044007},
  number = {4},
  __markedentry = {[marsat:6]},
  archiveprefix = {arXiv},
  doi = {10.1103/PhysRevD.93.044007},
  eprint = {1508.07253},
  owner = {marsat},
  primaryclass = {gr-qc},
  slaccitation = {%%CITATION = ARXIV:1508.07253;%%},
  timestamp = {2016.11.22}
}

@ARTICLE{Kidder95,
  author = {Kidder, Lawrence E.},
  title = {{Coalescing binary systems of compact objects to postNewtonian 5/2
	order. 5. Spin effects}},
  journal = {Phys. Rev. D},
  year = {1995},
  volume = {52},
  pages = {821-847},
  archiveprefix = {arXiv},
  doi = {10.1103/PhysRevD.52.821},
  eprint = {gr-qc/9506022},
  owner = {marsat},
  primaryclass = {gr-qc},
  reportnumber = {NU-GR-11, WUGRAV-94-6A},
  slaccitation = {%%CITATION = GR-QC/9506022;%%},
  timestamp = {2016.11.01}
}

@ARTICLE{Klein+14,
  author = {Klein, Antoine and Cornish, Neil and Yunes, Nicolas},
  title = {{Fast Frequency-domain Waveforms for Spin-Precessing Binary Inspirals}},
  journal = {Phys. Rev. D},
  year = {2014},
  volume = {90},
  pages = {124029},
  archiveprefix = {arXiv},
  doi = {10.1103/PhysRevD.90.124029},
  eprint = {1408.5158},
  owner = {marsat},
  primaryclass = {gr-qc},
  slaccitation = {%%CITATION = ARXIV:1408.5158;%%},
  timestamp = {2016.10.25}
}

@ARTICLE{Krolak+04,
  author = {Krolak, Andrzej and Tinto, Massimo and Vallisneri, Michele},
  title = {{Optimal filtering of the LISA data}},
  journal = {Phys. Rev. D},
  year = {2004},
  volume = {70},
  pages = {022003},
  note = {[Erratum: Phys. Rev.D76,069901(2007)]},
  archiveprefix = {arXiv},
  doi = {10.1103/PhysRevD.70.022003, 10.1103/PhysRevD.76.069901},
  eprint = {gr-qc/0401108},
  owner = {marsat},
  primaryclass = {gr-qc},
  slaccitation = {%%CITATION = GR-QC/0401108;%%},
  timestamp = {2016.10.25}
}

@ARTICLE{RCP04,
  author = {Rubbo, Louis J. and Cornish, Neil J. and Poujade, Olivier},
  title = {{Forward modeling of space borne gravitational wave detectors}},
  journal = {Phys. Rev. D},
  year = {2004},
  volume = {69},
  pages = {082003},
  archiveprefix = {arXiv},
  doi = {10.1103/PhysRevD.69.082003},
  eprint = {gr-qc/0311069},
  owner = {marsat},
  primaryclass = {gr-qc},
  slaccitation = {%%CITATION = GR-QC/0311069;%%},
  timestamp = {2016.11.01}
}

@ARTICLE{RCP03,
  author = {Rubbo, L. J. and Cornish, N. J. and Poujade, O.},
  title = {{The LISA simulator}},
  journal = {AIP Conf. Proc.},
  year = {2003},
  volume = {686},
  pages = {307-310},
  note = {[,307(2003)]},
  booktitle = {{The astrophysics of gravitational wave sources. Proceedings, Workshop,
	College Park, USA, April 24-26, 2003}},
  doi = {10.1063/1.1629449},
  owner = {marsat},
  slaccitation = {%%CITATION = APCPC,686,307;%%},
  timestamp = {2016.11.01}
}

@ARTICLE{Thorne80,
  author = {Thorne, K. S.},
  title = {{Multipole Expansions of Gravitational Radiation}},
  journal = {Rev. Mod. Phys.},
  year = {1980},
  volume = {52},
  pages = {299-339},
  doi = {10.1103/RevModPhys.52.299},
  owner = {marsat},
  slaccitation = {%%CITATION = RMPHA,52,299;%%},
  timestamp = {2016.11.01}
}

@ARTICLE{Vallisneri11,
  author = {Vallisneri, Michele},
  title = {{Beyond Fisher: exact sampling distributions of the maximum-likelihood
	estimator in gravitational-wave parameter estimation}},
  journal = {Phys. Rev. Lett.},
  year = {2011},
  volume = {107},
  pages = {191104},
  archiveprefix = {arXiv},
  doi = {10.1103/PhysRevLett.107.191104},
  eprint = {1108.1158},
  owner = {marsat},
  primaryclass = {gr-qc},
  slaccitation = {%%CITATION = ARXIV:1108.1158;%%},
  timestamp = {2016.10.25}
}

@ARTICLE{Vallisneri08,
  author = {Vallisneri, Michele},
  title = {{A LISA Data-Analysis Primer}},
  journal = {Class. Quant. Grav.},
  year = {2009},
  volume = {26},
  pages = {094024},
  archiveprefix = {arXiv},
  booktitle = {{Laser Interferometer Space Antenna. Proceedings, 7th international
	LISA Symposium, Barcelona, Spain, June 16-20, 2008}},
  doi = {10.1088/0264-9381/26/9/094024},
  eprint = {0812.0751},
  owner = {marsat},
  primaryclass = {gr-qc},
  slaccitation = {%%CITATION = ARXIV:0812.0751;%%},
  timestamp = {2016.10.25}
}

@ARTICLE{Vallisneri04,
  author = {Vallisneri, Michele},
  title = {{Synthetic LISA: Simulating time delay interferometry in a model
	LISA}},
  journal = {Phys. Rev. D},
  year = {2005},
  volume = {71},
  pages = {022001},
  archiveprefix = {arXiv},
  doi = {10.1103/PhysRevD.71.022001},
  eprint = {gr-qc/0407102},
  owner = {marsat},
  primaryclass = {gr-qc},
  slaccitation = {%%CITATION = GR-QC/0407102;%%},
  timestamp = {2016.10.25}
}

